Country,Product,Units Sold,Revenue,Cost,Profit,Date
UK,Tablet,39,8463,2379,6084,6/25/2024
UK,Keyboard,7,8799,8078,721,3/25/2024
India,Mouse,76,73112,9652,63460,2/14/2024
Bangladesh,Keyboard,72,87120,42048,45072,12/14/2024
India,Mouse,73,3942,3066,876,12/15/2024
Canada,Keyboard,69,48852,28911,19941,10/8/2024
Bangladesh,Tablet,4,756,120,636,12/6/2024
Bangladesh,Keyboard,6,2388,1302,1086,1/8/2024
Canada,Mobile,70,102130,37450,64680,9/5/2024
Bangladesh,Keyboard,10,7560,6390,1170,10/23/2024
UK,Monitor,2,2126,738,1388,5/11/2024
Germany,Mouse,37,42587,19462,23125,11/23/2024
Australia,Mobile,94,89394,2914,86480,5/1/2024
Canada,Mobile,16,23104,4464,18640,7/14/2024
Bangladesh,Laptop,6,6312,3852,2460,9/10/2024
Bangladesh,Tablet,89,114632,100926,13706,6/1/2024
Germany,Tablet,21,30093,19068,11025,1/11/2024
Canada,Mouse,13,8164,3653,4511,7/31/2024
UK,Mouse,82,117506,36982,80524,2/23/2024
USA,Mouse,3,3675,1743,1932,3/6/2024
USA,Headphones,24,4272,1632,2640,12/31/2024
Bangladesh,Mouse,40,27120,9520,17600,6/13/2024
Germany,Laptop,19,5149,3325,1824,2/1/2024
Australia,Monitor,77,40733,12012,28721,6/30/2024
USA,Keyboard,53,75684,49343,26341,10/11/2024
USA,Mouse,41,16154,5617,10537,8/24/2024
Bangladesh,Keyboard,72,42768,3312,39456,5/2/2024
India,Keyboard,38,13452,5586,7866,4/18/2024
Canada,Laptop,55,63525,10615,52910,4/24/2024
UK,Keyboard,23,27991,5543,22448,12/30/2024
Bangladesh,Headphones,87,26100,11832,14268,6/14/2024
Canada,Laptop,52,31356,12428,18928,3/31/2024
India,Mobile,93,90675,46221,44454,2/28/2024
Germany,Mobile,76,94468,39216,55252,12/9/2024
Bangladesh,Mouse,23,33281,27071,6210,6/18/2024
Canada,Tablet,92,55108,9568,45540,7/12/2024
Australia,Tablet,13,11700,5330,6370,1/24/2024
Bangladesh,Monitor,100,119600,6400,113200,9/10/2024
USA,Keyboard,51,41667,24123,17544,3/15/2024
India,Keyboard,49,68649,30576,38073,1/6/2024
Australia,Keyboard,30,43620,27390,16230,7/5/2024
UK,Monitor,97,9312,6790,2522,7/4/2024
India,Headphones,78,44538,39156,5382,3/5/2024
Canada,Keyboard,34,22236,10540,11696,12/1/2024
India,Tablet,22,16038,1936,14102,4/18/2024
Germany,Keyboard,66,21252,14388,6864,3/19/2024
Germany,Laptop,4,3684,2692,992,8/11/2024
USA,Laptop,76,42408,4332,38076,2/21/2024
Germany,Mouse,13,13273,11713,1560,5/12/2024
Canada,Keyboard,46,17296,13892,3404,9/28/2024
India,Monitor,70,77910,31780,46130,9/7/2024
Australia,Headphones,66,24024,9966,14058,8/9/2024
USA,Headphones,99,10296,8712,1584,2/1/2024
India,Monitor,100,145500,10400,135100,7/13/2024
Australia,Laptop,39,46566,12792,33774,6/25/2024
Bangladesh,Laptop,16,18496,10704,7792,4/26/2024
Australia,Mobile,24,8040,5496,2544,10/24/2024
Germany,Mobile,23,27209,14168,13041,4/3/2024
Germany,Tablet,1,738,328,410,7/22/2024
UK,Mobile,45,56655,20880,35775,1/7/2024
Australia,Tablet,53,64077,44785,19292,5/9/2024
Bangladesh,Laptop,43,38958,10019,28939,4/15/2024
USA,Laptop,86,23306,12986,10320,4/4/2024
Bangladesh,Keyboard,14,19236,15344,3892,2/22/2024
Germany,Mobile,20,17620,820,16800,7/22/2024
Australia,Laptop,68,38760,12580,26180,7/12/2024
Canada,Headphones,61,64843,32696,32147,10/22/2024
Australia,Headphones,1,1191,994,197,1/26/2024
Canada,Keyboard,44,12320,8360,3960,1/23/2024
Germany,Headphones,48,32592,8256,24336,12/9/2024
India,Keyboard,26,37466,9282,28184,7/29/2024
Bangladesh,Mouse,82,61418,12054,49364,7/21/2024
Bangladesh,Monitor,38,52364,31236,21128,1/22/2024
Germany,Tablet,96,60960,46752,14208,1/22/2024
USA,Keyboard,53,77539,75260,2279,7/24/2024
Bangladesh,Tablet,71,16685,10366,6319,4/4/2024
USA,Laptop,100,140100,121200,18900,8/2/2024
UK,Headphones,84,22596,19068,3528,5/20/2024
USA,Mouse,82,4674,2788,1886,2/18/2024
Bangladesh,Keyboard,59,66670,6903,59767,5/16/2024
Canada,Laptop,67,3685,2546,1139,1/24/2024
Canada,Mouse,76,79572,15884,63688,12/10/2024
Germany,Tablet,70,12740,3220,9520,5/1/2024
Bangladesh,Mouse,37,46213,14319,31894,9/6/2024
India,Tablet,28,24836,1960,22876,6/24/2024
India,Laptop,11,1793,1408,385,3/11/2024
USA,Tablet,84,49056,28896,20160,4/22/2024
Australia,Monitor,4,2964,2400,564,2/27/2024
USA,Mouse,1,763,585,178,5/28/2024
Australia,Laptop,15,11790,525,11265,3/30/2024
Canada,Keyboard,11,10417,869,9548,10/10/2024
Canada,Laptop,85,17425,8755,8670,1/23/2024
India,Monitor,33,8910,7986,924,3/12/2024
Australia,Laptop,62,4154,2790,1364,7/13/2024
Germany,Mobile,90,121410,88380,33030,8/10/2024
Australia,Mobile,24,23280,18528,4752,8/11/2024
UK,Tablet,20,22020,940,21080,12/12/2024
USA,Tablet,85,54995,13855,41140,1/28/2024
Canada,Monitor,27,39663,7587,32076,1/1/2024
UK,Laptop,74,42328,37814,4514,9/14/2024
Bangladesh,Mobile,2,1804,972,832,6/5/2024
UK,Tablet,35,21560,4550,17010,12/16/2024
Bangladesh,Headphones,54,80190,17064,63126,3/6/2024
Canada,Mouse,60,10440,7980,2460,1/20/2024
India,Mouse,55,50325,42790,7535,6/26/2024
India,Tablet,92,107916,18768,89148,10/3/2024
Australia,Keyboard,53,70172,60261,9911,11/10/2024
Canada,Laptop,29,39614,22040,17574,12/19/2024
India,Laptop,82,60762,15416,45346,2/22/2024
USA,Monitor,59,20355,2478,17877,9/19/2024
India,Keyboard,68,8160,4012,4148,12/24/2024
India,Mobile,12,14328,5928,8400,8/31/2024
Bangladesh,Keyboard,2,1074,860,214,11/12/2024
USA,Keyboard,1,490,390,100,2/13/2024
Australia,Tablet,72,19152,17568,1584,3/22/2024
Bangladesh,Tablet,32,32512,4480,28032,2/12/2024
USA,Mobile,89,49929,5429,44500,4/21/2024
Australia,Tablet,30,15870,3090,12780,4/6/2024
Australia,Mouse,31,43586,13299,30287,2/27/2024
Australia,Keyboard,70,16310,13440,2870,8/25/2024
Canada,Monitor,28,14728,10416,4312,7/7/2024
Australia,Headphones,19,12464,7980,4484,9/23/2024
Australia,Headphones,41,49651,15539,34112,1/28/2024
Canada,Tablet,23,19366,17227,2139,12/27/2024
India,Tablet,49,50127,11907,38220,1/12/2024
Australia,Mobile,2,1358,738,620,1/14/2024
Canada,Mobile,32,18592,13984,4608,2/3/2024
India,Tablet,86,60114,18834,41280,12/29/2024
Australia,Tablet,11,7722,2057,5665,1/13/2024
Bangladesh,Keyboard,54,17982,11394,6588,11/8/2024
UK,Mobile,42,52038,31500,20538,9/4/2024
UK,Laptop,79,31284,30099,1185,5/3/2024
Canada,Monitor,13,12818,12519,299,5/11/2024
USA,Headphones,56,34720,21448,13272,12/31/2024
Bangladesh,Keyboard,95,72485,17860,54625,3/11/2024
Canada,Headphones,57,58995,26619,32376,10/14/2024
Bangladesh,Tablet,44,11132,9548,1584,1/22/2024
Canada,Mobile,61,64782,16165,48617,5/17/2024
India,Tablet,93,130944,110112,20832,10/21/2024
Bangladesh,Mobile,61,86071,66612,19459,11/24/2024
Australia,Mouse,67,42411,3350,39061,6/9/2024
Canada,Mouse,49,41895,34643,7252,3/19/2024
India,Headphones,19,3952,2983,969,6/15/2024
Germany,Mobile,51,10659,2244,8415,10/26/2024
Germany,Headphones,19,13794,5833,7961,2/25/2024
Germany,Monitor,51,29784,23358,6426,1/25/2024
Australia,Mobile,86,59512,3784,55728,6/26/2024
Germany,Tablet,28,26348,11564,14784,1/9/2024
USA,Mobile,86,124184,32766,91418,11/26/2024
Germany,Laptop,35,8260,3535,4725,4/14/2024
India,Monitor,6,5250,4620,630,11/25/2024
Bangladesh,Monitor,21,19152,8463,10689,3/23/2024
UK,Mobile,7,3612,1253,2359,4/24/2024
Australia,Tablet,68,76024,48416,27608,4/13/2024
Bangladesh,Keyboard,49,44492,31654,12838,9/21/2024
Canada,Laptop,26,34112,29718,4394,6/12/2024
UK,Keyboard,60,74160,38760,35400,1/14/2024
USA,Mouse,71,3763,2343,1420,5/3/2024
UK,Tablet,76,70680,31844,38836,12/23/2024
India,Mouse,76,95836,19456,76380,8/18/2024
USA,Mouse,53,65455,31853,33602,12/19/2024
Germany,Mobile,14,14616,11718,2898,3/12/2024
UK,Keyboard,39,58110,3822,54288,12/26/2024
India,Keyboard,25,28825,9025,19800,2/25/2024
UK,Mouse,38,21584,14022,7562,9/8/2024
Australia,Monitor,99,116424,44649,71775,11/15/2024
UK,Tablet,62,89962,43586,46376,7/23/2024
USA,Keyboard,75,101925,28425,73500,6/21/2024
Germany,Headphones,28,12096,7532,4564,10/2/2024
India,Mobile,89,120506,26967,93539,4/10/2024
Australia,Laptop,54,47142,41850,5292,9/29/2024
India,Monitor,99,144738,82566,62172,5/21/2024
Canada,Tablet,42,56532,30744,25788,6/25/2024
USA,Keyboard,96,62304,52608,9696,5/4/2024
Bangladesh,Mouse,53,73829,32913,40916,1/13/2024
Germany,Laptop,63,31689,14427,17262,4/7/2024
Canada,Tablet,68,90576,3672,86904,10/12/2024
Germany,Monitor,63,50904,24255,26649,5/2/2024
India,Mouse,50,7450,6150,1300,11/19/2024
Australia,Headphones,50,3900,2500,1400,11/29/2024
India,Monitor,53,79023,67045,11978,9/20/2024
Canada,Monitor,20,13820,8140,5680,6/18/2024
Australia,Headphones,28,1456,896,560,10/21/2024
UK,Monitor,11,7436,4730,2706,4/27/2024
Australia,Mobile,87,117624,87696,29928,5/11/2024
Canada,Mobile,46,6394,3082,3312,1/1/2024
Canada,Mobile,11,7425,3113,4312,12/25/2024
Canada,Mouse,28,14644,8932,5712,2/20/2024
USA,Tablet,44,19580,2728,16852,7/19/2024
India,Monitor,14,15778,4452,11326,10/12/2024
UK,Mouse,55,37840,20130,17710,1/25/2024
USA,Keyboard,83,17264,3652,13612,5/27/2024
Germany,Mobile,21,12033,6930,5103,6/5/2024
Germany,Mobile,39,3978,1482,2496,8/17/2024
Bangladesh,Monitor,34,44778,3332,41446,8/23/2024
UK,Monitor,70,88760,59710,29050,12/16/2024
Australia,Mouse,86,66908,5160,61748,6/10/2024
India,Laptop,59,44368,12744,31624,6/2/2024
USA,Mobile,93,103974,101091,2883,9/26/2024
UK,Tablet,56,46144,11816,34328,5/16/2024
USA,Monitor,9,621,468,153,9/13/2024
Bangladesh,Headphones,25,5075,3400,1675,5/15/2024
Germany,Mouse,86,71466,13846,57620,5/12/2024
Bangladesh,Mobile,10,7370,6160,1210,8/27/2024
Bangladesh,Laptop,26,32370,19448,12922,2/14/2024
India,Headphones,89,12193,3382,8811,2/20/2024
India,Headphones,9,4437,1800,2637,6/8/2024
Bangladesh,Tablet,15,4200,1950,2250,1/4/2024
Bangladesh,Tablet,37,30562,18352,12210,12/15/2024
USA,Monitor,74,5846,2738,3108,5/25/2024
India,Mouse,98,138670,102508,36162,3/27/2024
Australia,Laptop,36,14364,11484,2880,10/24/2024
USA,Mobile,48,26208,5760,20448,6/5/2024
USA,Mouse,58,81664,61944,19720,12/13/2024
India,Keyboard,19,27132,22268,4864,2/14/2024
USA,Mouse,92,38916,13524,25392,2/12/2024
Canada,Monitor,85,67915,24395,43520,6/21/2024
Australia,Tablet,20,29200,23200,6000,10/16/2024
Canada,Mouse,82,5166,3936,1230,5/14/2024
Canada,Mobile,68,48960,27608,21352,4/1/2024
Bangladesh,Tablet,79,56880,24806,32074,12/25/2024
UK,Keyboard,92,65780,55292,10488,8/2/2024
USA,Mobile,8,2280,1360,920,1/19/2024
USA,Monitor,50,49600,39000,10600,1/13/2024
Canada,Tablet,32,6496,3840,2656,1/13/2024
USA,Laptop,26,5304,1014,4290,1/12/2024
USA,Headphones,12,16812,4668,12144,9/2/2024
Germany,Tablet,73,46136,16498,29638,5/29/2024
Bangladesh,Keyboard,98,53704,42238,11466,11/8/2024
Canada,Tablet,25,4800,2425,2375,6/4/2024
UK,Mobile,54,38988,28026,10962,3/19/2024
Australia,Monitor,97,77018,5723,71295,4/27/2024
Germany,Tablet,61,51179,46726,4453,3/12/2024
Canada,Laptop,80,74240,19440,54800,12/5/2024
Australia,Laptop,43,60931,56760,4171,3/18/2024
Germany,Mobile,99,124839,95832,29007,4/2/2024
India,Monitor,1,1106,1031,75,6/23/2024
Canada,Tablet,17,7718,3961,3757,5/25/2024
India,Monitor,61,63318,40199,23119,4/5/2024
Bangladesh,Headphones,65,73125,71240,1885,2/24/2024
Germany,Mouse,72,65448,64728,720,3/11/2024
Bangladesh,Mobile,44,38192,30756,7436,2/25/2024
UK,Laptop,93,85653,69843,15810,7/7/2024
India,Keyboard,41,8733,4223,4510,10/3/2024
India,Mobile,78,88764,60684,28080,11/10/2024
Germany,Keyboard,86,65446,11094,54352,2/27/2024
India,Keyboard,9,12465,3420,9045,9/3/2024
UK,Keyboard,9,4347,630,3717,12/28/2024
USA,Keyboard,36,2700,1656,1044,11/21/2024
USA,Keyboard,61,23668,17568,6100,12/16/2024
USA,Mobile,48,50064,40080,9984,9/18/2024
Germany,Tablet,36,40140,35496,4644,1/18/2024
Bangladesh,Mobile,53,43884,40121,3763,5/10/2024
Germany,Monitor,45,52110,47610,4500,6/26/2024
Australia,Mobile,41,47273,30914,16359,5/1/2024
Australia,Tablet,4,5788,2032,3756,1/30/2024
UK,Monitor,1,250,60,190,11/8/2024
Bangladesh,Keyboard,31,38285,8308,29977,5/18/2024
Australia,Mobile,88,130592,69784,60808,3/12/2024
UK,Mobile,99,78012,65835,12177,8/23/2024
India,Headphones,47,9823,3055,6768,10/24/2024
USA,Monitor,28,12516,2856,9660,11/13/2024
India,Laptop,27,14472,5346,9126,10/20/2024
USA,Monitor,95,42275,28215,14060,4/10/2024
Germany,Mouse,90,114210,20520,93690,6/24/2024
Bangladesh,Tablet,98,93492,66444,27048,12/16/2024
Germany,Mouse,80,84960,84160,800,2/1/2024
Australia,Monitor,54,13878,7722,6156,12/19/2024
Australia,Headphones,27,33750,22761,10989,11/14/2024
Canada,Mobile,39,9048,3939,5109,7/22/2024
India,Tablet,29,21982,15631,6351,6/22/2024
Australia,Monitor,83,52290,41002,11288,5/25/2024
Canada,Monitor,3,1878,1461,417,7/12/2024
UK,Keyboard,49,9016,3871,5145,2/4/2024
Australia,Monitor,97,130174,5529,124645,12/21/2024
Canada,Laptop,26,21372,10270,11102,9/21/2024
USA,Tablet,35,10850,5775,5075,7/30/2024
Canada,Keyboard,31,12431,2697,9734,3/21/2024
UK,Mouse,54,50058,18360,31698,8/25/2024
Australia,Mouse,75,18825,15000,3825,4/16/2024
Canada,Tablet,48,62256,61248,1008,12/13/2024
India,Laptop,75,7125,3675,3450,11/26/2024
Germany,Laptop,5,3395,340,3055,2/3/2024
Canada,Mouse,7,3913,2590,1323,11/14/2024
UK,Laptop,5,3960,2960,1000,8/1/2024
Australia,Monitor,52,52312,37856,14456,10/27/2024
Germany,Tablet,92,83260,6532,76728,5/21/2024
Canada,Laptop,44,12100,4928,7172,2/27/2024
Bangladesh,Mobile,13,9503,8307,1196,6/19/2024
India,Mobile,74,40108,39146,962,8/31/2024
Australia,Mobile,93,130293,39525,90768,2/27/2024
USA,Mouse,71,14910,13277,1633,5/15/2024
USA,Keyboard,35,18690,9765,8925,4/24/2024
India,Keyboard,33,11055,6072,4983,1/20/2024
India,Mouse,79,13825,5688,8137,7/7/2024
Germany,Keyboard,50,19200,16350,2850,2/7/2024
Germany,Tablet,96,73248,63648,9600,6/6/2024
India,Laptop,85,10795,5185,5610,8/19/2024
India,Keyboard,7,4326,4088,238,11/20/2024
India,Mobile,61,5917,3416,2501,10/25/2024
Australia,Headphones,59,14632,10089,4543,1/5/2024
USA,Headphones,77,37884,33880,4004,9/24/2024
India,Monitor,47,67069,42347,24722,5/1/2024
India,Keyboard,45,13365,9945,3420,8/15/2024
Bangladesh,Monitor,27,15876,12690,3186,9/19/2024
Bangladesh,Monitor,70,19670,12390,7280,1/2/2024
UK,Monitor,5,935,365,570,1/13/2024
Australia,Tablet,29,38135,32161,5974,3/12/2024
Germany,Mobile,3,1419,1044,375,7/27/2024
India,Keyboard,38,53732,39672,14060,7/1/2024
Germany,Keyboard,13,17030,15873,1157,9/7/2024
UK,Keyboard,79,33496,12008,21488,7/10/2024
India,Keyboard,95,134615,97850,36765,5/9/2024
Germany,Monitor,90,132750,14760,117990,5/31/2024
UK,Headphones,38,25954,15352,10602,12/24/2024
Germany,Laptop,57,83391,15219,68172,8/14/2024
Bangladesh,Laptop,14,4312,1484,2828,4/2/2024
India,Mouse,12,6624,5172,1452,2/23/2024
Germany,Monitor,13,9412,6786,2626,10/2/2024
USA,Laptop,87,29406,14442,14964,5/15/2024
USA,Keyboard,45,3150,2205,945,11/2/2024
Bangladesh,Mouse,16,17344,12224,5120,7/22/2024
India,Mobile,89,133144,72535,60609,6/19/2024
UK,Monitor,79,42502,27018,15484,8/21/2024
Australia,Mouse,21,28497,2961,25536,2/29/2024
Bangladesh,Tablet,71,40825,39050,1775,8/31/2024
USA,Headphones,18,26604,5166,21438,1/21/2024
Canada,Mouse,43,41237,16727,24510,6/24/2024
USA,Mobile,69,44091,42573,1518,1/6/2024
Canada,Tablet,42,50232,9450,40782,9/5/2024
USA,Keyboard,28,20188,1484,18704,10/8/2024
India,Headphones,5,755,620,135,5/31/2024
Germany,Mouse,71,40328,10153,30175,7/29/2024
India,Mouse,54,24678,20628,4050,8/23/2024
Australia,Mobile,91,101010,53872,47138,9/15/2024
UK,Tablet,23,11707,10488,1219,3/17/2024
UK,Monitor,17,18139,4709,13430,11/1/2024
USA,Laptop,26,1326,858,468,2/20/2024
Germany,Keyboard,59,77408,19234,58174,4/20/2024
Bangladesh,Tablet,36,3564,2988,576,6/17/2024
Bangladesh,Mobile,65,22360,3445,18915,5/23/2024
USA,Mouse,93,100905,38502,62403,8/29/2024
UK,Keyboard,99,146520,38610,107910,11/20/2024
India,Monitor,36,42660,39384,3276,8/2/2024
UK,Tablet,28,33040,17920,15120,3/31/2024
Canada,Laptop,25,15650,1725,13925,3/30/2024
India,Monitor,43,17759,2236,15523,11/9/2024
USA,Monitor,17,11968,8738,3230,6/8/2024
India,Monitor,14,9646,7672,1974,8/13/2024
India,Monitor,97,118243,80025,38218,6/6/2024
UK,Laptop,19,13452,1482,11970,12/7/2024
USA,Keyboard,98,117600,68502,49098,2/13/2024
UK,Keyboard,76,4788,3268,1520,9/19/2024
Bangladesh,Mouse,76,14440,7220,7220,8/6/2024
USA,Mouse,21,5754,840,4914,1/12/2024
USA,Mobile,57,26448,20691,5757,1/12/2024
Germany,Headphones,17,17204,6290,10914,10/4/2024
USA,Monitor,23,20033,2116,17917,5/4/2024
Australia,Keyboard,68,13736,8840,4896,2/16/2024
Germany,Monitor,21,8022,6951,1071,12/4/2024
India,Keyboard,47,58468,54661,3807,4/17/2024
India,Keyboard,9,10665,3348,7317,7/22/2024
UK,Headphones,7,3108,2170,938,8/14/2024
UK,Tablet,76,95988,90440,5548,7/5/2024
India,Tablet,69,85146,62307,22839,8/25/2024
Canada,Headphones,20,29700,7040,22660,10/3/2024
Germany,Tablet,2,2240,1912,328,9/3/2024
India,Keyboard,66,49038,20526,28512,4/16/2024
Canada,Mouse,3,2196,264,1932,9/20/2024
USA,Headphones,29,22446,14587,7859,11/20/2024
Australia,Mouse,11,2387,2233,154,3/25/2024
India,Laptop,8,6064,5688,376,9/9/2024
Canada,Mouse,54,33912,14688,19224,6/28/2024
UK,Headphones,22,9042,5830,3212,11/9/2024
Canada,Tablet,89,20381,10235,10146,5/9/2024
USA,Tablet,81,84078,46089,37989,3/20/2024
India,Mobile,74,104858,39516,65342,4/29/2024
USA,Keyboard,34,41446,9214,32232,10/23/2024
UK,Laptop,24,29544,12216,17328,8/4/2024
USA,Headphones,41,36080,5084,30996,1/20/2024
Bangladesh,Keyboard,13,3939,3419,520,4/29/2024
India,Laptop,50,50400,3600,46800,2/14/2024
Bangladesh,Mouse,31,10509,1860,8649,4/27/2024
Bangladesh,Headphones,8,3344,544,2800,1/1/2024
Canada,Mouse,100,116100,31000,85100,11/17/2024
India,Mouse,3,906,603,303,6/16/2024
Germany,Keyboard,97,39479,8148,31331,3/7/2024
USA,Laptop,47,57810,13959,43851,6/11/2024
Germany,Keyboard,39,12948,8619,4329,1/13/2024
Germany,Laptop,60,22320,13920,8400,7/4/2024
Canada,Mouse,26,17186,16588,598,1/2/2024
Australia,Headphones,41,23247,12423,10824,7/14/2024
USA,Monitor,39,23829,8736,15093,5/26/2024
UK,Laptop,58,39324,10904,28420,8/14/2024
USA,Mobile,99,98901,8316,90585,2/23/2024
Bangladesh,Mobile,96,107424,71136,36288,1/24/2024
USA,Headphones,5,915,515,400,11/12/2024
USA,Keyboard,55,6875,4455,2420,12/10/2024
Bangladesh,Mouse,73,4380,2482,1898,5/3/2024
UK,Tablet,23,9913,5750,4163,5/10/2024
Germany,Keyboard,73,47888,3650,44238,9/4/2024
USA,Tablet,28,30296,14868,15428,6/4/2024
USA,Headphones,14,1260,882,378,1/24/2024
UK,Mobile,95,13015,11020,1995,3/27/2024
India,Laptop,84,87948,21168,66780,4/1/2024
UK,Mouse,56,40712,15848,24864,12/31/2024
USA,Mobile,91,28574,19929,8645,8/11/2024
UK,Headphones,91,42679,21931,20748,1/18/2024
Canada,Monitor,21,24024,20286,3738,7/23/2024
USA,Keyboard,1,1404,698,706,8/2/2024
Germany,Mobile,45,3375,1575,1800,4/6/2024
Australia,Monitor,100,133700,102000,31700,10/27/2024
Australia,Tablet,1,75,64,11,8/22/2024
Bangladesh,Monitor,55,21835,4235,17600,3/22/2024
Australia,Monitor,21,24339,10185,14154,5/3/2024
India,Laptop,26,26104,16380,9724,10/23/2024
UK,Keyboard,89,24297,6408,17889,5/15/2024
Australia,Mouse,77,110649,19635,91014,3/9/2024
USA,Mouse,6,6774,708,6066,5/20/2024
Bangladesh,Tablet,2,900,252,648,4/27/2024
India,Laptop,90,106110,73530,32580,12/31/2024
Bangladesh,Monitor,25,20250,15650,4600,4/7/2024
Canada,Monitor,50,53900,6900,47000,11/5/2024
USA,Mouse,80,110720,105600,5120,8/31/2024
Bangladesh,Headphones,36,20052,3096,16956,6/29/2024
Australia,Tablet,64,42752,36096,6656,5/8/2024
Canada,Headphones,24,19248,4224,15024,5/28/2024
USA,Mobile,70,31850,3780,28070,9/29/2024
Germany,Headphones,21,18711,11802,6909,3/8/2024
Germany,Laptop,43,21887,15781,6106,5/2/2024
Australia,Mouse,41,22796,5412,17384,3/10/2024
Germany,Mobile,52,7176,4784,2392,11/10/2024
Germany,Headphones,69,30429,25737,4692,6/3/2024
UK,Mouse,60,78360,36240,42120,3/14/2024
UK,Monitor,11,7183,5929,1254,7/18/2024
Bangladesh,Headphones,94,140248,132540,7708,9/5/2024
Canada,Keyboard,91,100737,75621,25116,2/14/2024
USA,Mobile,32,28640,28320,320,10/30/2024
Germany,Keyboard,64,34304,3520,30784,1/28/2024
USA,Keyboard,88,43560,24200,19360,12/30/2024
Canada,Headphones,72,40752,7488,33264,4/17/2024
Canada,Laptop,27,10692,9693,999,7/25/2024
USA,Headphones,36,23364,19764,3600,11/10/2024
Canada,Headphones,58,53476,14500,38976,6/29/2024
India,Mouse,26,22282,16380,5902,5/4/2024
UK,Mouse,94,53204,13536,39668,7/20/2024
Bangladesh,Tablet,78,98202,50544,47658,12/31/2024
Canada,Laptop,13,2587,962,1625,11/20/2024
USA,Headphones,44,35200,26576,8624,3/29/2024
Germany,Mouse,98,14994,6762,8232,9/21/2024
India,Tablet,26,6292,3926,2366,10/27/2024
Bangladesh,Headphones,43,41839,18877,22962,5/14/2024
Bangladesh,Tablet,64,36608,13696,22912,11/11/2024
Bangladesh,Headphones,15,7275,795,6480,9/22/2024
UK,Laptop,70,95060,89810,5250,6/30/2024
Germany,Headphones,40,43800,20040,23760,3/29/2024
Bangladesh,Mouse,57,49533,13851,35682,7/1/2024
Germany,Mouse,90,59400,48060,11340,1/10/2024
India,Keyboard,35,47635,8190,39445,12/10/2024
India,Laptop,1,763,435,328,6/20/2024
Australia,Monitor,24,6984,4752,2232,12/21/2024
Australia,Laptop,29,30885,8497,22388,12/24/2024
UK,Tablet,36,11772,2232,9540,4/12/2024
Bangladesh,Mobile,40,6720,4680,2040,4/18/2024
Canada,Headphones,72,102744,18072,84672,6/10/2024
Germany,Tablet,84,18564,7392,11172,10/5/2024
Canada,Laptop,10,8160,820,7340,2/5/2024
UK,Mouse,93,74958,57660,17298,9/10/2024
India,Tablet,70,12390,8470,3920,4/7/2024
Germany,Mouse,26,14846,12740,2106,5/27/2024
UK,Keyboard,62,27466,10354,17112,11/2/2024
Germany,Keyboard,22,19294,11770,7524,9/3/2024
Bangladesh,Laptop,59,3835,2065,1770,10/29/2024
Australia,Mobile,9,9972,5364,4608,8/5/2024
Canada,Laptop,11,10362,9350,1012,5/26/2024
Australia,Laptop,60,27000,8280,18720,2/2/2024
India,Mouse,43,10191,8299,1892,3/26/2024
India,Keyboard,10,7590,2310,5280,6/6/2024
USA,Monitor,76,95988,26220,69768,12/22/2024
Germany,Mouse,98,30674,10584,20090,5/12/2024
UK,Laptop,37,21275,7141,14134,6/11/2024
Canada,Laptop,68,83368,2312,81056,9/1/2024
India,Tablet,2,896,846,50,2/3/2024
India,Keyboard,44,22220,16632,5588,3/27/2024
Bangladesh,Monitor,26,28808,21996,6812,12/4/2024
UK,Mobile,57,21033,18183,2850,1/13/2024
Bangladesh,Tablet,18,10332,9936,396,7/20/2024
Germany,Mouse,90,81990,10980,71010,6/22/2024
Bangladesh,Mobile,46,40802,26496,14306,1/31/2024
UK,Mobile,55,71390,9625,61765,11/25/2024
Bangladesh,Mobile,24,25656,24216,1440,11/2/2024
Australia,Mouse,88,85008,3784,81224,8/13/2024
Germany,Laptop,83,16600,4067,12533,1/22/2024
Bangladesh,Laptop,37,18759,14911,3848,12/19/2024
India,Mobile,44,36124,8140,27984,9/14/2024
UK,Keyboard,28,3976,3360,616,11/8/2024
Bangladesh,Headphones,57,63897,28728,35169,3/11/2024
UK,Headphones,74,7030,3108,3922,1/29/2024
UK,Keyboard,11,4048,1133,2915,5/21/2024
UK,Headphones,77,92169,70301,21868,3/25/2024
UK,Monitor,149,277438,45892,231546,9/1/2024
UK,Mouse,36,4320,3024,1296,11/16/2024
UK,Mouse,103,189005,54178,134827,2/23/2023
Japan,Mouse,69,70518,14421,56097,10/9/2023
USA,Headphones,34,2890,1666,1224,10/6/2023
India,Headphones,112,196896,87920,108976,7/5/2023
USA,Mobile,145,155730,148335,7395,1/20/2023
USA,Monitor,86,80840,28466,52374,7/17/2023
India,Headphones,82,120950,26896,94054,8/26/2024
France,Monitor,78,154518,153504,1014,7/1/2023
Bangladesh,Keyboard,133,233149,157472,75677,10/3/2023
France,Mouse,123,62115,20787,41328,1/3/2023
Bangladesh,Monitor,61,8540,3660,4880,10/4/2024
India,Tablet,96,167232,163776,3456,6/8/2024
Canada,Laptop,110,110000,95150,14850,4/24/2024
France,Headphones,139,128853,21128,107725,2/13/2023
UK,Mobile,122,204228,103578,100650,1/2/2024
USA,Keyboard,69,115782,63963,51819,3/8/2024
Germany,Mobile,112,66864,65856,1008,1/14/2024
Germany,Mobile,67,90785,85492,5293,8/2/2024
Japan,Tablet,58,103472,34800,68672,12/6/2023
Australia,Keyboard,19,16701,1406,15295,10/4/2023
France,Keyboard,12,5592,5232,360,4/5/2023
India,Mouse,81,114048,85941,28107,8/3/2024
Canada,Laptop,104,99528,78728,20800,2/20/2023
Bangladesh,Headphones,21,41538,20979,20559,10/5/2023
Canada,Headphones,74,33596,14208,19388,5/13/2024
UK,Mobile,90,77220,71550,5670,6/20/2024
India,Laptop,45,86535,5310,81225,8/23/2024
Bangladesh,Mouse,118,144550,16520,128030,1/9/2024
Canada,Mouse,65,14105,3315,10790,8/10/2023
Australia,Mobile,72,117216,16848,100368,1/6/2024
India,Mouse,108,204876,39636,165240,2/24/2024
France,Mobile,97,137352,124160,13192,1/23/2023
Canada,Headphones,60,48000,45540,2460,3/14/2024
Germany,Laptop,63,89460,49896,39564,7/8/2024
Japan,Mouse,112,35840,11312,24528,9/22/2024
Bangladesh,Keyboard,147,132006,85113,46893,6/1/2024
Bangladesh,Monitor,23,25829,6095,19734,9/6/2023
Germany,Headphones,75,73500,73125,375,2/1/2024
Australia,Smartwatch,79,107993,50639,57354,1/21/2023
Germany,Mobile,37,18722,14874,3848,6/20/2023
USA,Laptop,108,204552,31644,172908,1/1/2023
Bangladesh,Monitor,148,83324,72520,10804,5/17/2024
Germany,Mouse,12,15780,2400,13380,10/11/2023
USA,Laptop,118,164846,110094,54752,7/12/2024
USA,Laptop,95,141835,63175,78660,1/14/2023
France,Tablet,143,262834,199914,62920,6/1/2024
USA,Mobile,10,4780,1640,3140,4/2/2024
UK,Smartwatch,139,166661,22240,144421,3/7/2024
UK,Tablet,93,136338,73470,62868,12/4/2024
Germany,Monitor,129,17931,10707,7224,7/27/2023
UK,Headphones,122,228262,226676,1586,4/17/2024
Japan,Smartwatch,108,214812,118260,96552,7/14/2023
India,Mouse,50,50600,47350,3250,2/2/2023
Japan,Mobile,72,62856,42264,20592,7/31/2023
Australia,Headphones,54,38718,19602,19116,6/19/2024
Bangladesh,Mouse,114,116622,13224,103398,2/20/2024
USA,Mouse,57,48507,46227,2280,8/5/2023
India,Keyboard,47,32759,8648,24111,6/4/2023
Australia,Keyboard,107,87740,20651,67089,11/22/2023
France,Monitor,30,23760,12690,11070,7/18/2023
France,Keyboard,91,34307,13104,21203,8/1/2024
Japan,Headphones,66,116358,115632,726,11/6/2024
UK,Mouse,83,154878,84245,70633,9/24/2024
Japan,Tablet,111,94683,78921,15762,9/1/2023
Japan,Keyboard,69,89769,81213,8556,1/4/2023
India,Monitor,149,12218,8791,3427,8/10/2024
USA,Monitor,32,9024,3520,5504,4/9/2023
India,Smartwatch,144,131616,113616,18000,4/26/2024
Japan,Smartwatch,127,69596,27813,41783,2/2/2023
Japan,Laptop,75,7200,6375,825,6/28/2024
Germany,Smartwatch,121,73084,35453,37631,11/9/2024
Germany,Laptop,141,251544,192324,59220,7/23/2024
Germany,Headphones,17,31654,1428,30226,8/23/2023
UK,Headphones,119,171717,26537,145180,1/16/2024
Canada,Laptop,46,21666,3864,17802,2/28/2023
Germany,Tablet,1,780,92,688,1/17/2023
Canada,Smartwatch,88,154264,4224,150040,1/18/2023
Bangladesh,Tablet,129,165249,92622,72627,9/27/2024
France,Smartwatch,124,58528,55800,2728,4/1/2024
Australia,Mobile,87,8352,7569,783,7/3/2024
USA,Laptop,94,174088,50948,123140,6/14/2024
UK,Headphones,134,146060,77050,69010,9/29/2023
France,Tablet,113,113000,27007,85993,11/25/2023
Bangladesh,Mobile,34,32640,6324,26316,6/28/2023
India,Mouse,9,6012,2817,3195,12/11/2023
France,Monitor,138,259716,31326,228390,12/18/2024
UK,Tablet,26,4472,3146,1326,10/3/2024
UK,Mobile,29,45443,13746,31697,6/5/2024
Japan,Mobile,127,55626,23495,32131,8/5/2024
UK,Mobile,1,1091,804,287,1/23/2023
USA,Keyboard,114,26106,24396,1710,7/16/2024
UK,Laptop,3,2067,186,1881,12/26/2024
India,Monitor,53,64289,49714,14575,10/6/2024
Australia,Keyboard,60,114060,14940,99120,7/28/2023
UK,Keyboard,86,148952,23908,125044,6/21/2023
USA,Mouse,101,123725,37572,86153,11/7/2023
Japan,Tablet,150,274800,71550,203250,7/3/2024
India,Headphones,19,32775,4218,28557,2/27/2023
Canada,Tablet,67,15946,10318,5628,12/30/2024
Germany,Smartwatch,27,11745,9126,2619,2/6/2024
Canada,Mouse,33,7095,6567,528,12/24/2024
India,Monitor,79,71021,65017,6004,8/21/2024
Japan,Mouse,4,5808,3268,2540,11/14/2023
USA,Monitor,125,185000,147625,37375,1/23/2024
USA,Keyboard,105,17220,5040,12180,7/12/2023
France,Tablet,64,83712,83008,704,3/7/2024
Japan,Mobile,46,48530,12098,36432,3/22/2023
Japan,Smartwatch,144,103392,22032,81360,12/16/2023
UK,Headphones,97,33271,6887,26384,11/14/2024
USA,Keyboard,87,115449,32190,83259,9/2/2023
USA,Tablet,131,84102,51221,32881,1/25/2024
Canada,Headphones,142,249352,234726,14626,7/22/2024
Bangladesh,Smartwatch,118,69266,54988,14278,5/20/2024
USA,Headphones,150,269100,44850,224250,12/5/2023
Bangladesh,Mouse,51,22287,9996,12291,2/13/2023
France,Mouse,124,153016,90148,62868,12/1/2023
Bangladesh,Mouse,21,31542,18795,12747,8/16/2023
Canada,Headphones,117,74061,48672,25389,1/12/2023
UK,Monitor,102,34068,17952,16116,8/4/2023
Germany,Laptop,93,16740,11160,5580,11/22/2024
Canada,Headphones,51,24429,11730,12699,6/30/2023
UK,Laptop,89,10502,4450,6052,5/24/2023
Japan,Headphones,10,8230,820,7410,5/11/2024
UK,Mobile,82,156620,86428,70192,11/11/2023
Japan,Mouse,28,36792,12320,24472,11/26/2024
Canada,Mouse,65,76895,38805,38090,6/22/2024
Japan,Smartwatch,68,119748,116484,3264,3/17/2023
USA,Monitor,135,17415,12960,4455,6/13/2023
Canada,Smartwatch,148,179672,44992,134680,9/8/2024
USA,Tablet,39,11739,10608,1131,1/12/2024
UK,Tablet,39,34827,15756,19071,5/25/2023
USA,Mouse,140,44660,39060,5600,9/30/2024
Australia,Mobile,145,25520,17400,8120,8/24/2024
UK,Monitor,57,97470,2736,94734,12/18/2024
Bangladesh,Monitor,54,97308,64854,32454,9/13/2023
Australia,Tablet,121,198319,22022,176297,6/15/2024
USA,Tablet,139,126768,63940,62828,9/18/2024
Canada,Mobile,57,9633,5130,4503,10/24/2023
Japan,Tablet,139,148869,11398,137471,1/6/2023
India,Mouse,93,77934,5673,72261,2/18/2023
USA,Headphones,15,24195,17070,7125,11/29/2024
Bangladesh,Tablet,149,105045,79715,25330,9/25/2024
Bangladesh,Smartwatch,122,184464,10126,174338,1/25/2024
UK,Smartwatch,118,105138,103486,1652,12/15/2024
Bangladesh,Tablet,68,92072,50864,41208,10/30/2024
Germany,Headphones,134,40736,8576,32160,6/21/2024
Canada,Mobile,84,153636,83076,70560,12/30/2023
Bangladesh,Keyboard,83,111303,102837,8466,4/11/2023
Bangladesh,Mouse,35,35700,17850,17850,11/20/2023
Germany,Monitor,52,44876,28548,16328,12/14/2024
France,Tablet,48,63744,8832,54912,12/13/2024
USA,Mouse,24,16224,1296,14928,7/24/2023
India,Monitor,115,188140,22310,165830,7/7/2024
Japan,Tablet,84,155904,104748,51156,11/2/2024
Bangladesh,Laptop,127,183261,22225,161036,9/5/2024
Japan,Headphones,49,50519,33565,16954,6/7/2023
Japan,Headphones,137,251669,27263,224406,12/31/2024
France,Mouse,145,172405,157760,14645,9/5/2023
Bangladesh,Mobile,121,37873,13068,24805,5/23/2023
Australia,Mouse,98,83398,78204,5194,2/7/2024
Canada,Monitor,115,127650,85675,41975,9/13/2024
Germany,Monitor,66,104610,9900,94710,6/10/2023
France,Keyboard,97,79346,67803,11543,3/17/2024
Australia,Mobile,39,30498,7332,23166,2/1/2023
Bangladesh,Mouse,101,137158,28179,108979,10/7/2024
France,Smartwatch,50,63750,34800,28950,8/6/2024
Bangladesh,Smartwatch,140,173320,70000,103320,1/8/2023
Australia,Tablet,21,11760,6342,5418,10/28/2024
France,Tablet,11,10021,7150,2871,10/18/2024
France,Mobile,80,136800,34320,102480,11/12/2023
USA,Tablet,5,975,840,135,7/15/2024
India,Mouse,90,125280,101790,23490,8/8/2023
India,Monitor,110,13530,5830,7700,9/18/2023
Germany,Mobile,120,40800,11400,29400,3/1/2024
Japan,Laptop,50,25900,15850,10050,6/9/2023
UK,Keyboard,73,137605,74825,62780,5/2/2023
Australia,Headphones,11,15906,6281,9625,2/16/2023
Australia,Monitor,100,136900,6500,130400,5/2/2024
Australia,Tablet,126,169596,9324,160272,1/9/2024
UK,Mouse,54,28188,6426,21762,6/22/2024
France,Monitor,47,27119,22231,4888,9/8/2023
UK,Keyboard,27,7776,6723,1053,11/21/2024
France,Smartwatch,89,37647,16643,21004,6/25/2024
Australia,Smartwatch,85,114835,78370,36465,7/20/2024
Australia,Keyboard,1,1251,593,658,3/7/2023
UK,Headphones,24,10320,8352,1968,12/24/2024
India,Mobile,84,115836,17724,98112,1/14/2023
UK,Mobile,115,192970,143865,49105,11/10/2024
Canada,Mobile,2,3490,2204,1286,8/13/2023
India,Tablet,78,35958,11076,24882,9/28/2023
Japan,Mobile,96,58272,9984,48288,4/17/2023
Japan,Keyboard,137,29592,25756,3836,11/30/2023
Canada,Tablet,57,84759,2679,82080,7/6/2024
Japan,Mouse,70,63700,38570,25130,4/9/2024
USA,Keyboard,104,141336,55848,85488,10/3/2023
Japan,Laptop,30,54330,23700,30630,4/12/2024
Japan,Smartwatch,50,89200,60050,29150,8/19/2024
Canada,Laptop,85,143310,9180,134130,8/8/2024
Japan,Tablet,105,56805,16275,40530,4/24/2023
USA,Mobile,119,226457,138635,87822,6/25/2024
France,Laptop,124,105648,60140,45508,11/15/2024
France,Tablet,35,69020,29890,39130,9/22/2024
Australia,Mobile,60,11820,10020,1800,2/14/2023
USA,Tablet,80,6560,3840,2720,12/28/2024
India,Smartwatch,76,82612,23864,58748,8/1/2023
India,Smartwatch,64,121792,102400,19392,8/21/2024
Canada,Keyboard,143,46046,31889,14157,5/14/2024
France,Keyboard,83,117030,34528,82502,1/5/2023
Canada,Headphones,102,187068,40392,146676,12/31/2023
UK,Monitor,74,51430,24642,26788,5/10/2023
UK,Monitor,1,626,525,101,3/15/2023
France,Tablet,36,20052,19548,504,7/1/2023
Bangladesh,Smartwatch,34,64226,58242,5984,8/28/2024
USA,Tablet,46,38134,22080,16054,1/2/2024
Japan,Mobile,42,79044,19656,59388,12/12/2023
France,Mouse,17,12189,7208,4981,6/16/2024
France,Headphones,9,4293,2664,1629,2/15/2024
France,Smartwatch,132,202620,183480,19140,4/1/2024
Japan,Smartwatch,39,18798,13143,5655,12/8/2023
UK,Monitor,150,250950,228150,22800,4/3/2024
Canada,Headphones,62,105958,40858,65100,7/13/2024
UK,Mouse,70,39690,12810,26880,7/20/2024
Bangladesh,Mouse,69,101223,12213,89010,7/24/2024
USA,Tablet,129,112488,109908,2580,10/18/2024
Japan,Laptop,22,28600,17974,10626,9/2/2023
Canada,Mobile,130,175890,161330,14560,10/11/2024
Australia,Keyboard,131,38645,15196,23449,9/25/2024
Australia,Smartwatch,73,11169,2993,8176,2/4/2024
USA,Mobile,130,201760,196950,4810,3/16/2024
Canada,Smartwatch,75,64350,12750,51600,3/17/2023
UK,Headphones,41,77162,22140,55022,10/15/2024
UK,Mobile,104,122720,77168,45552,2/5/2023
Australia,Tablet,114,96672,27018,69654,3/9/2023
Germany,Mouse,102,27846,11730,16116,4/30/2024
Australia,Monitor,6,1470,1416,54,6/19/2024
Canada,Laptop,122,76738,36600,40138,8/5/2024
France,Mobile,108,215460,38016,177444,10/10/2024
Australia,Headphones,89,134123,73603,60520,11/23/2024
France,Mouse,55,43615,32120,11495,5/11/2024
Bangladesh,Monitor,148,255004,190920,64084,2/13/2024
France,Mobile,15,29820,28050,1770,8/14/2024
India,Smartwatch,66,25542,18942,6600,9/1/2024
UK,Headphones,17,19720,14484,5236,6/16/2024
Japan,Laptop,81,131868,17010,114858,6/9/2023
Japan,Keyboard,150,125400,83400,42000,9/29/2023
Germany,Keyboard,65,19240,12480,6760,12/11/2024
Germany,Laptop,112,217168,65184,151984,3/2/2024
USA,Laptop,72,107136,62856,44280,8/4/2024
Germany,Headphones,15,22710,7980,14730,6/18/2024
Japan,Keyboard,137,249477,61239,188238,5/20/2023
Japan,Mobile,38,27056,13300,13756,11/14/2024
Australia,Laptop,66,84678,17358,67320,10/19/2024
USA,Mouse,5,5180,495,4685,11/24/2023
UK,Smartwatch,16,19104,896,18208,2/12/2024
Australia,Laptop,55,9460,9075,385,5/2/2024
India,Monitor,145,206190,37990,168200,5/16/2023
France,Keyboard,119,202657,82705,119952,5/27/2023
India,Tablet,18,9846,5598,4248,12/7/2024
Bangladesh,Tablet,79,11139,8690,2449,9/20/2024
Canada,Tablet,108,114156,26352,87804,10/17/2023
Bangladesh,Monitor,139,184870,135108,49762,3/10/2023
UK,Mouse,22,6512,5632,880,5/10/2023
India,Mobile,124,106516,27652,78864,3/11/2023
USA,Laptop,88,90464,13904,76560,3/26/2023
UK,Laptop,23,24840,19895,4945,4/27/2023
France,Mobile,77,23177,16863,6314,7/13/2024
USA,Laptop,24,40920,21648,19272,11/8/2024
Bangladesh,Mouse,142,100394,31950,68444,4/7/2023
UK,Keyboard,24,20088,11568,8520,3/14/2023
Bangladesh,Tablet,148,217264,104192,113072,11/6/2023
UK,Smartwatch,87,171042,131718,39324,11/7/2023
Canada,Mouse,134,59496,40334,19162,7/21/2024
Japan,Headphones,69,62031,12972,49059,11/14/2024
Bangladesh,Mobile,134,110148,85760,24388,4/3/2023
Bangladesh,Tablet,136,78880,24480,54400,12/2/2024
Canada,Smartwatch,108,162756,126036,36720,10/7/2023
Australia,Tablet,87,104922,8526,96396,6/21/2023
USA,Keyboard,23,13846,6739,7107,8/28/2023
USA,Monitor,44,82060,21736,60324,9/29/2023
Bangladesh,Keyboard,61,5551,2989,2562,1/26/2024
Japan,Headphones,44,77000,29436,47564,6/1/2023
UK,Headphones,30,43770,7530,36240,3/29/2023
UK,Tablet,86,118336,92192,26144,10/10/2024
Japan,Mobile,13,6227,3978,2249,3/27/2024
Australia,Mobile,63,84168,15246,68922,8/16/2023
Canada,Headphones,132,132792,105864,26928,4/13/2023
USA,Tablet,113,52884,50737,2147,11/20/2023
Canada,Tablet,58,64380,37468,26912,11/12/2023
Canada,Smartwatch,124,200508,123876,76632,8/25/2024
Japan,Monitor,63,11781,8001,3780,4/3/2023
UK,Laptop,106,34132,4452,29680,9/23/2024
Australia,Tablet,64,9920,7424,2496,9/26/2024
UK,Keyboard,146,150234,22338,127896,12/27/2024
France,Mouse,82,107010,85772,21238,9/9/2023
Australia,Keyboard,28,39676,28476,11200,8/11/2023
Australia,Mouse,109,57007,19620,37387,4/9/2023
Bangladesh,Smartwatch,147,238728,161553,77175,12/31/2024
UK,Keyboard,18,4104,2628,1476,1/25/2023
Canada,Mouse,23,43217,15755,27462,9/22/2023
USA,Headphones,30,58200,34530,23670,2/22/2024
Bangladesh,Laptop,144,147600,63360,84240,7/17/2023
Australia,Laptop,72,35352,10152,25200,6/8/2023
Germany,Keyboard,86,100964,43000,57964,4/19/2024
Bangladesh,Mobile,82,36080,6478,29602,11/20/2024
Japan,Laptop,108,199692,127224,72468,12/19/2024
Germany,Mobile,64,56896,46272,10624,12/4/2023
France,Keyboard,75,134700,102600,32100,5/29/2024
Germany,Headphones,6,3330,3168,162,2/27/2024
USA,Mobile,21,21483,13062,8421,12/30/2023
Bangladesh,Headphones,57,44346,25308,19038,9/13/2024
Japan,Headphones,4,5420,2940,2480,2/22/2023
Bangladesh,Monitor,5,3015,540,2475,8/17/2023
Bangladesh,Tablet,41,73513,68265,5248,9/30/2023
Canada,Smartwatch,91,135681,71890,63791,5/13/2024
France,Mobile,79,109652,100172,9480,2/3/2023
India,Keyboard,120,10800,6240,4560,12/10/2023
USA,Monitor,90,16740,11880,4860,7/14/2024
USA,Laptop,38,7182,6764,418,12/15/2023
Bangladesh,Mouse,109,10791,7521,3270,4/7/2023
Canada,Keyboard,22,8206,4092,4114,1/16/2023
France,Tablet,109,74774,73030,1744,5/28/2024
Germany,Laptop,131,72574,31833,40741,8/20/2023
USA,Laptop,149,24138,13559,10579,4/30/2024
Germany,Smartwatch,94,112706,18988,93718,1/16/2024
Bangladesh,Tablet,38,74898,9500,65398,1/22/2023
India,Monitor,130,205790,119210,86580,8/2/2024
UK,Mobile,22,35310,19008,16302,8/12/2024
Canada,Mobile,75,140250,65400,74850,9/8/2023
France,Keyboard,40,21720,14440,7280,3/25/2023
USA,Keyboard,143,255684,215215,40469,4/21/2024
India,Headphones,47,68197,35344,32853,10/11/2023
Bangladesh,Headphones,121,110715,76956,33759,8/16/2023
UK,Monitor,75,122550,103350,19200,8/9/2024
Germany,Mobile,146,200166,23798,176368,6/1/2024
France,Keyboard,42,70056,54726,15330,2/21/2024
Bangladesh,Mouse,22,23892,4598,19294,1/24/2024
France,Monitor,105,82950,77595,5355,7/7/2024
Canada,Monitor,2,1294,980,314,6/25/2023
France,Tablet,121,96558,16456,80102,4/7/2024
UK,Monitor,74,75998,31302,44696,3/26/2023
Canada,Monitor,130,96330,27430,68900,10/25/2023
Germany,Smartwatch,63,104958,13104,91854,1/13/2024
Japan,Mobile,31,28334,14508,13826,1/27/2023
USA,Monitor,6,5916,570,5346,6/21/2023
Japan,Laptop,80,145440,92320,53120,1/5/2023
Germany,Laptop,39,52455,41769,10686,3/6/2023
Canada,Mobile,96,61344,7872,53472,12/14/2023
Australia,Monitor,17,33660,9350,24310,8/1/2023
Canada,Tablet,66,121110,71610,49500,2/28/2023
India,Tablet,134,108272,22914,85358,3/10/2023
Australia,Monitor,129,238650,111585,127065,5/2/2023
Australia,Laptop,14,4900,1246,3654,12/29/2023
India,Headphones,16,13152,3536,9616,1/30/2024
Bangladesh,Headphones,113,195038,27798,167240,4/10/2023
Bangladesh,Mobile,15,6450,2715,3735,9/8/2024
France,Monitor,110,79530,39050,40480,12/24/2024
Canada,Headphones,74,122544,71632,50912,2/25/2023
Germany,Monitor,1,253,243,10,1/17/2023
UK,Smartwatch,32,52608,16352,36256,6/27/2024
Australia,Headphones,75,73050,21675,51375,7/26/2023
UK,Monitor,97,107573,83226,24347,10/25/2024
India,Laptop,55,55330,22000,33330,10/29/2023
India,Tablet,45,12105,5760,6345,11/14/2023
Japan,Laptop,79,108309,82950,25359,6/9/2024
Australia,Mobile,64,116608,48320,68288,8/23/2024
Canada,Headphones,16,7920,1568,6352,10/24/2023
Japan,Tablet,43,26402,2881,23521,9/24/2024
Germany,Mouse,93,114483,55521,58962,8/25/2024
USA,Mouse,7,3220,3045,175,2/6/2024
Australia,Laptop,28,40628,28448,12180,9/13/2024
Australia,Keyboard,149,13410,12218,1192,8/9/2023
India,Monitor,13,6006,2769,3237,1/24/2024
Japan,Keyboard,136,129472,116824,12648,10/6/2024
Bangladesh,Monitor,10,1890,1360,530,10/17/2024
Bangladesh,Keyboard,15,17145,14655,2490,9/26/2023
Japan,Mouse,98,127890,57330,70560,5/6/2023
USA,Mobile,91,91455,15743,75712,1/17/2023
India,Keyboard,125,198625,88750,109875,6/17/2024
Japan,Tablet,53,52788,22313,30475,5/3/2023
Germany,Headphones,25,28325,9325,19000,4/8/2023
France,Mouse,114,164046,84474,79572,7/21/2024
Canada,Tablet,125,37625,23750,13875,3/11/2023
France,Keyboard,113,57969,56161,1808,8/17/2023
Japan,Headphones,148,53576,47064,6512,8/3/2024
India,Laptop,62,101494,58714,42780,2/3/2024
Australia,Keyboard,79,129955,60198,69757,2/9/2023
France,Keyboard,42,46914,11970,34944,9/22/2023
India,Mobile,104,133432,52728,80704,9/7/2024
Canada,Monitor,119,176120,138754,37366,3/29/2023
Australia,Keyboard,5,4870,1635,3235,9/7/2024
Bangladesh,Headphones,23,34454,11960,22494,9/8/2023
Germany,Monitor,43,7310,3010,4300,3/22/2023
Germany,Monitor,52,3952,3172,780,2/14/2023
USA,Mouse,74,120324,80290,40034,7/9/2023
Canada,Keyboard,121,59653,7865,51788,8/28/2023
Australia,Headphones,108,12204,10260,1944,4/14/2024
India,Headphones,59,103073,102424,649,1/6/2023
India,Monitor,51,84762,5610,79152,3/16/2024
UK,Keyboard,64,104768,2816,101952,1/28/2024
India,Tablet,137,122889,83159,39730,9/14/2023
Bangladesh,Mouse,137,100695,67541,33154,5/27/2024
France,Keyboard,55,14080,9735,4345,1/20/2023
Japan,Keyboard,74,117142,57128,60014,2/7/2024
Germany,Keyboard,35,14455,1995,12460,3/24/2024
India,Smartwatch,56,105448,88928,16520,9/16/2024
Canada,Mobile,5,565,360,205,10/26/2024
Bangladesh,Tablet,49,39935,33663,6272,5/4/2023
Germany,Smartwatch,27,32832,4644,28188,11/1/2024
USA,Headphones,80,86320,78000,8320,6/19/2024
Japan,Tablet,38,58482,46246,12236,3/8/2024
India,Monitor,142,150520,94714,55806,6/10/2023
India,Laptop,122,129320,80642,48678,4/4/2024
USA,Mobile,48,14688,13104,1584,8/31/2023
UK,Mobile,40,63000,41800,21200,12/11/2024
Australia,Keyboard,130,88920,53040,35880,6/17/2024
Australia,Mobile,129,165507,82947,82560,10/8/2024
France,Keyboard,63,5670,3087,2583,1/31/2024
Canada,Laptop,102,94452,22440,72012,8/3/2024
France,Headphones,67,20636,18559,2077,10/24/2024
Germany,Smartwatch,8,4600,1520,3080,10/17/2023
Bangladesh,Mobile,96,135552,66048,69504,8/3/2024
UK,Keyboard,44,70444,22880,47564,11/12/2023
France,Mouse,5,6260,3975,2285,8/9/2023
Germany,Keyboard,7,7182,1232,5950,12/20/2023
Japan,Monitor,59,105551,15694,89857,7/10/2024
Bangladesh,Smartwatch,136,165512,146744,18768,11/24/2023
Japan,Monitor,40,31800,5000,26800,10/11/2024
Canada,Mobile,22,19624,14410,5214,6/21/2024
Australia,Laptop,12,13800,7848,5952,7/14/2023
Germany,Smartwatch,63,10080,4221,5859,8/26/2023
Australia,Monitor,51,73542,14076,59466,3/3/2023
France,Smartwatch,80,40720,36800,3920,5/3/2023
Japan,Mobile,41,44116,36654,7462,1/23/2024
France,Keyboard,145,163995,11310,152685,9/19/2024
Germany,Smartwatch,104,110656,83928,26728,7/26/2023
Germany,Headphones,50,53550,10750,42800,5/5/2023
Japan,Laptop,22,26554,9350,17204,7/30/2024
USA,Keyboard,64,125888,48448,77440,3/15/2024
UK,Smartwatch,60,102420,91620,10800,5/4/2024
Germany,Monitor,78,9672,7332,2340,7/12/2023
India,Keyboard,12,10992,6816,4176,8/19/2024
India,Mouse,91,81627,38311,43316,5/13/2023
USA,Laptop,95,76285,4560,71725,6/27/2024
Canada,Mobile,30,15000,13050,1950,5/1/2023
Bangladesh,Smartwatch,50,70100,62300,7800,7/26/2023
Canada,Keyboard,98,115150,28812,86338,12/30/2024
India,Tablet,104,132496,34528,97968,6/28/2024
Bangladesh,Mobile,143,189046,86658,102388,3/19/2023
Bangladesh,Laptop,147,123774,107016,16758,12/27/2024
Japan,Mobile,66,84348,66198,18150,2/27/2024
Bangladesh,Tablet,29,19111,6061,13050,7/23/2024
Japan,Mobile,64,92864,48256,44608,3/25/2023
Canada,Mobile,65,52390,31590,20800,1/24/2024
France,Monitor,79,78921,68177,10744,6/15/2024
Australia,Smartwatch,139,197519,195434,2085,8/11/2024
UK,Mobile,69,28704,12765,15939,4/10/2023
UK,Mouse,20,21940,21540,400,11/14/2024
UK,Mouse,140,80780,35140,45640,2/24/2024
Japan,Mouse,141,149319,24675,124644,7/6/2023
USA,Monitor,125,226000,223875,2125,2/8/2024
USA,Keyboard,108,171288,115236,56052,2/17/2024
Australia,Laptop,60,29940,4680,25260,11/29/2024
Australia,Keyboard,35,46410,42350,4060,1/10/2024
Japan,Monitor,34,41412,21114,20298,11/1/2023
Japan,Monitor,118,114578,104194,10384,8/1/2023
France,Laptop,27,7317,6561,756,7/28/2024
UK,Monitor,10,9140,400,8740,7/26/2023
France,Tablet,46,23092,2438,20654,10/30/2023
India,Smartwatch,141,58515,48645,9870,12/31/2023
India,Smartwatch,51,28866,27183,1683,12/30/2023
UK,Keyboard,129,107328,44118,63210,8/11/2023
Germany,Mouse,14,2926,1638,1288,5/18/2024
France,Headphones,42,74634,12264,62370,6/16/2023
USA,Smartwatch,115,219075,122475,96600,11/17/2024
Japan,Monitor,110,90200,20790,69410,5/15/2024
UK,Smartwatch,33,20427,11682,8745,8/8/2024
Canada,Headphones,70,28280,8120,20160,7/18/2024
France,Tablet,29,9425,7134,2291,9/6/2023
Japan,Laptop,29,34858,11919,22939,10/12/2024
UK,Keyboard,125,230250,114000,116250,9/6/2023
Australia,Keyboard,91,174356,9555,164801,8/1/2023
UK,Monitor,68,4692,4216,476,11/5/2024
USA,Monitor,73,42632,31025,11607,7/19/2023
Japan,Monitor,115,204355,178595,25760,5/15/2023
Japan,Laptop,53,3339,2226,1113,12/11/2023
Canada,Laptop,116,181540,123424,58116,6/16/2024
India,Mouse,74,136974,99604,37370,11/24/2024
UK,Monitor,58,74646,48082,26564,8/18/2023
Australia,Keyboard,92,110952,18216,92736,3/4/2024
Japan,Laptop,142,144982,120416,24566,6/23/2024
Germany,Mobile,123,15867,6396,9471,10/20/2023
India,Laptop,137,110696,40141,70555,10/11/2024
UK,Monitor,79,68493,47795,20698,7/8/2024
Japan,Headphones,52,58864,10868,47996,9/18/2023
Canada,Smartwatch,138,162426,148350,14076,2/2/2024
France,Mobile,25,40175,4550,35625,3/27/2024
Australia,Mouse,88,147048,116336,30712,3/8/2024
USA,Tablet,31,33139,22413,10726,3/18/2023
USA,Tablet,66,26070,25344,726,8/21/2024
UK,Keyboard,133,217189,129143,88046,3/1/2024
USA,Laptop,150,238950,27900,211050,7/4/2024
Canada,Headphones,65,51935,11115,40820,12/11/2024
Japan,Keyboard,20,16900,8440,8460,5/19/2023
UK,Monitor,110,110110,56980,53130,3/24/2023
Canada,Mobile,124,56668,54560,2108,8/10/2023
France,Keyboard,74,127058,66452,60606,12/26/2023
France,Mouse,25,38200,3775,34425,5/30/2023
Japan,Tablet,117,87399,20943,66456,10/9/2023
UK,Mouse,9,10935,3258,7677,7/3/2024
France,Monitor,40,59000,6640,52360,9/17/2023
Australia,Keyboard,111,81252,41070,40182,12/31/2024
USA,Mobile,68,128996,80580,48416,8/4/2024
Canada,Monitor,7,2023,1722,301,5/3/2023
Germany,Headphones,17,33031,6970,26061,7/8/2024
Australia,Tablet,42,22722,20706,2016,8/10/2024
USA,Headphones,149,61835,33376,28459,9/25/2023
Japan,Smartwatch,117,49725,35451,14274,9/1/2024
India,Keyboard,144,19584,10512,9072,6/22/2024
UK,Smartwatch,148,33892,18056,15836,1/3/2024
UK,Smartwatch,116,140360,15428,124932,7/24/2023
Australia,Headphones,124,73408,23932,49476,11/28/2024
France,Headphones,142,117292,87898,29394,3/1/2024
Canada,Keyboard,80,103360,85360,18000,7/24/2024
Bangladesh,Headphones,43,83506,63339,20167,11/15/2023
USA,Mouse,61,101809,35136,66673,7/9/2024
Bangladesh,Smartwatch,134,252724,185188,67536,9/21/2023
France,Mouse,22,35882,7216,28666,8/15/2024
India,Keyboard,38,55442,10640,44802,11/2/2024
Australia,Mouse,19,15694,874,14820,12/25/2023
Bangladesh,Headphones,14,13748,9534,4214,1/21/2023
UK,Keyboard,64,23744,18112,5632,10/16/2024
Germany,Tablet,10,2300,1810,490,7/3/2024
Japan,Tablet,145,281010,268540,12470,8/28/2024
Australia,Headphones,83,96280,12284,83996,7/19/2024
Canada,Monitor,25,35850,23950,11900,1/2/2024
Germany,Keyboard,89,171948,79210,92738,9/14/2023
France,Monitor,74,67488,64528,2960,2/17/2023
USA,Tablet,47,66928,27025,39903,8/26/2024
UK,Mobile,6,3018,414,2604,12/30/2024
France,Keyboard,141,277911,131553,146358,8/9/2023
USA,Mobile,104,173264,39104,134160,7/30/2024
Germany,Monitor,61,60939,15860,45079,4/13/2023
France,Smartwatch,59,75697,3894,71803,12/21/2024
Japan,Tablet,123,48093,15129,32964,1/1/2023
India,Mobile,111,59163,49617,9546,5/8/2024
UK,Smartwatch,13,24102,13975,10127,2/10/2023
Canada,Keyboard,130,196820,91000,105820,1/25/2023
Germany,Tablet,68,117232,67456,49776,6/4/2023
Germany,Mobile,144,126288,84816,41472,5/11/2024
USA,Keyboard,88,79816,11088,68728,2/15/2024
UK,Laptop,102,33966,14280,19686,8/15/2023
Australia,Tablet,146,181916,56210,125706,9/23/2024
Canada,Tablet,36,41832,20196,21636,9/25/2023
Bangladesh,Monitor,77,43659,32340,11319,1/23/2023
Bangladesh,Smartwatch,40,74640,58200,16440,8/25/2023
USA,Monitor,61,11346,8906,2440,9/11/2024
Canada,Monitor,110,79530,40590,38940,7/8/2024
India,Laptop,40,2400,1800,600,8/17/2024
USA,Headphones,80,56080,22320,33760,10/23/2023
France,Headphones,48,20736,15984,4752,10/11/2023
Germany,Keyboard,67,84755,45560,39195,2/19/2024
Canada,Monitor,89,175152,83927,91225,3/21/2023
France,Laptop,2,1596,1338,258,1/10/2024
India,Mobile,54,69282,50382,18900,4/15/2023
Canada,Tablet,32,39328,18688,20640,10/26/2024
USA,Keyboard,3,885,681,204,12/19/2023
UK,Laptop,142,175512,146970,28542,6/1/2023
Germany,Laptop,6,8826,7008,1818,9/13/2023
Japan,Keyboard,139,151927,66581,85346,10/23/2024
USA,Headphones,148,268472,132164,136308,2/20/2024
UK,Monitor,50,26550,4100,22450,6/12/2024
Japan,Laptop,136,217328,126344,90984,5/27/2024
Bangladesh,Smartwatch,125,142500,106250,36250,11/11/2024
France,Mobile,128,36736,21888,14848,1/22/2023
Australia,Mobile,3,5928,1437,4491,7/11/2023
Japan,Mobile,127,176657,121158,55499,12/20/2023
Japan,Tablet,120,39120,15360,23760,3/6/2024
India,Tablet,129,106812,40119,66693,4/7/2024
USA,Monitor,54,28458,25866,2592,9/3/2024
USA,Mobile,9,6516,1854,4662,10/7/2024
Canada,Laptop,13,11206,1469,9737,1/9/2023
India,Laptop,47,14617,3807,10810,3/5/2024
UK,Headphones,107,182649,181686,963,8/18/2023
France,Headphones,145,141810,140360,1450,6/24/2023
Canada,Headphones,111,120213,81141,39072,8/18/2023
Bangladesh,Laptop,132,101640,57948,43692,11/14/2023
Germany,Tablet,112,201152,13104,188048,10/8/2024
India,Tablet,86,132870,86258,46612,6/3/2024
Japan,Headphones,56,48384,26544,21840,6/9/2023
Bangladesh,Headphones,46,41078,7912,33166,9/30/2023
Japan,Mobile,71,49274,11999,37275,1/21/2023
Bangladesh,Keyboard,147,253575,85260,168315,3/19/2024
USA,Mouse,55,45485,2640,42845,7/25/2024
France,Keyboard,38,48298,19494,28804,3/1/2023
Bangladesh,Laptop,74,134680,3922,130758,10/30/2024
India,Headphones,96,17952,5184,12768,4/8/2023
Canada,Mouse,97,185270,27742,157528,10/4/2024
UK,Mouse,81,106110,37422,68688,9/24/2024
UK,Headphones,52,75348,18876,56472,4/22/2024
UK,Mouse,75,49425,10425,39000,5/5/2024
Canada,Mobile,59,66080,4897,61183,5/20/2023
USA,Tablet,15,8400,900,7500,3/31/2024
UK,Monitor,89,67996,29103,38893,8/9/2023
Australia,Monitor,32,60768,9184,51584,8/13/2023
France,Mouse,69,68034,36984,31050,12/28/2023
UK,Mobile,47,90710,25145,65565,8/9/2023
Canada,Mouse,120,129480,81120,48360,9/18/2023
France,Headphones,87,95874,88218,7656,3/7/2023
Germany,Tablet,84,54348,19488,34860,8/12/2023
Germany,Mobile,68,122468,43724,78744,11/24/2023
India,Tablet,42,45738,36330,9408,7/12/2023
India,Mobile,90,96840,33840,63000,12/21/2023
Canada,Laptop,139,44758,27105,17653,11/27/2024
Germany,Mobile,61,74786,13420,61366,1/3/2023
India,Smartwatch,99,44847,37521,7326,2/23/2024
Germany,Tablet,131,69954,9170,60784,1/30/2024
Canada,Mouse,138,88872,18354,70518,6/18/2024
Australia,Mouse,84,165564,40068,125496,12/25/2023
Germany,Smartwatch,37,32412,3293,29119,3/21/2023
Australia,Mouse,50,26100,3600,22500,1/24/2023
Bangladesh,Tablet,49,48755,39249,9506,8/7/2024
France,Monitor,66,126588,66000,60588,6/25/2024
USA,Laptop,29,37642,25665,11977,8/28/2023
Canada,Headphones,13,17862,10972,6890,11/25/2024
Bangladesh,Tablet,18,13734,4266,9468,12/7/2023
Canada,Keyboard,44,79816,16544,63272,1/25/2024
USA,Monitor,108,185328,46332,138996,2/7/2024
Canada,Laptop,49,97461,50911,46550,11/23/2024
Canada,Smartwatch,88,13112,5984,7128,1/16/2023
Japan,Keyboard,26,50206,20488,29718,1/12/2023
Canada,Monitor,49,72275,29449,42826,6/8/2024
Japan,Mouse,85,115005,12155,102850,4/13/2023
France,Headphones,101,98273,45248,53025,5/11/2024
Canada,Tablet,143,163163,83083,80080,8/29/2024
Germany,Smartwatch,1,1031,143,888,1/20/2023
Japan,Smartwatch,129,36249,26445,9804,5/23/2023
Canada,Headphones,21,2121,1323,798,6/12/2023
Canada,Laptop,18,15246,9054,6192,7/1/2024
Australia,Mouse,84,71904,4200,67704,2/22/2024
Bangladesh,Monitor,97,138807,82644,56163,8/30/2024
Germany,Mouse,122,42822,40504,2318,2/1/2024
Australia,Mobile,119,53074,23681,29393,3/5/2024
UK,Laptop,141,49914,19458,30456,7/23/2024
India,Headphones,148,157620,35076,122544,3/9/2024
UK,Headphones,145,138765,64815,73950,3/7/2024
Australia,Monitor,10,10780,7820,2960,10/23/2024
Bangladesh,Laptop,58,53650,35902,17748,7/30/2023
Australia,Laptop,73,115048,71759,43289,6/6/2024
France,Mobile,61,88877,81130,7747,4/30/2024
Bangladesh,Monitor,38,48906,14896,34010,11/1/2023
Australia,Headphones,76,26904,18848,8056,10/11/2024
USA,Mouse,63,43155,27972,15183,1/14/2023
Bangladesh,Laptop,90,119340,43110,76230,3/12/2024
Japan,Headphones,71,108985,3692,105293,2/2/2023
France,Laptop,69,54165,32361,21804,10/15/2024
Canada,Mouse,39,48984,34437,14547,3/4/2024
France,Monitor,35,25165,10220,14945,10/27/2023
France,Mouse,145,28420,9425,18995,3/26/2023
France,Laptop,121,86273,66550,19723,11/18/2023
Japan,Mouse,148,114256,75332,38924,5/3/2024
France,Mobile,138,38916,37536,1380,11/30/2024
UK,Keyboard,125,221000,50000,171000,1/31/2024
Bangladesh,Headphones,2,2874,1650,1224,9/9/2023
France,Tablet,114,87324,52326,34998,4/19/2023
India,Laptop,61,14640,7015,7625,10/18/2024
Australia,Keyboard,106,147128,33390,113738,10/15/2024
Germany,Laptop,94,169952,155194,14758,6/11/2023
India,Smartwatch,60,61080,10140,50940,3/9/2023
Australia,Smartwatch,27,31077,25569,5508,7/21/2024
Canada,Smartwatch,85,55420,22185,33235,4/16/2023
Canada,Mouse,114,68514,38304,30210,9/16/2023
USA,Mobile,125,145750,65750,80000,4/22/2024
Germany,Tablet,66,129822,113718,16104,5/29/2024
Australia,Headphones,132,114180,40524,73656,9/30/2023
Japan,Tablet,58,27202,19256,7946,5/24/2024
India,Tablet,126,180684,82656,98028,2/23/2023
Germany,Keyboard,128,36736,35456,1280,3/21/2024
India,Smartwatch,120,201360,164760,36600,11/3/2023
India,Keyboard,131,241433,135061,106372,1/31/2023
Germany,Mobile,113,59099,30397,28702,9/22/2023
UK,Mouse,140,224700,33460,191240,9/18/2023
Germany,Smartwatch,113,107124,15029,92095,11/1/2023
USA,Mouse,124,215016,56048,158968,6/23/2024
USA,Monitor,82,21648,8692,12956,5/2/2023
UK,Smartwatch,113,9492,4972,4520,5/20/2023
Japan,Laptop,46,12374,9154,3220,1/14/2024
Bangladesh,Tablet,150,99150,31650,67500,4/11/2024
Australia,Keyboard,77,17094,11858,5236,11/22/2024
UK,Mobile,72,15624,14688,936,2/3/2024
Australia,Monitor,29,35583,26709,8874,1/9/2024
Canada,Laptop,137,143302,89872,53430,3/4/2024
Bangladesh,Mouse,23,33465,26013,7452,8/26/2024
UK,Laptop,111,50616,30525,20091,7/11/2023
Japan,Headphones,62,13516,4154,9362,5/6/2024
USA,Mobile,35,5425,3745,1680,7/27/2023
France,Mouse,133,173033,44156,128877,11/19/2024
USA,Headphones,79,83740,22357,61383,4/9/2024
Germany,Smartwatch,125,190750,160250,30500,3/22/2024
Australia,Laptop,7,13937,2611,11326,4/8/2024
Japan,Tablet,79,64780,38157,26623,7/19/2024
France,Monitor,116,189080,142564,46516,11/21/2023
Canada,Laptop,124,162192,22196,139996,12/26/2023
Germany,Laptop,107,197522,46010,151512,12/27/2024
USA,Laptop,47,35720,11985,23735,9/29/2024
Japan,Keyboard,38,64714,15466,49248,10/10/2023
Germany,Mobile,52,89336,24492,64844,8/10/2024
France,Mouse,39,32487,20514,11973,7/16/2024
UK,Laptop,81,8586,7533,1053,1/23/2024
UK,Monitor,20,1240,1100,140,6/3/2024
UK,Headphones,14,5852,630,5222,10/30/2024
Bangladesh,Mobile,117,147303,17784,129519,4/24/2024
Bangladesh,Mouse,87,145551,60117,85434,1/30/2024
USA,Keyboard,149,112495,38442,74053,9/3/2024
Japan,Mouse,50,97000,27150,69850,12/2/2024
Japan,Mouse,96,36768,6624,30144,1/18/2024
Australia,Smartwatch,68,38488,36040,2448,4/9/2023
Bangladesh,Monitor,116,47444,23780,23664,2/12/2023
Australia,Headphones,58,60378,12122,48256,2/28/2023
Japan,Monitor,48,52416,30240,22176,8/21/2024
India,Keyboard,2,142,118,24,12/24/2023
Bangladesh,Keyboard,26,18304,5486,12818,9/7/2023
USA,Keyboard,90,96660,85860,10800,3/9/2024
UK,Laptop,145,58290,16965,41325,11/22/2024
Canada,Monitor,128,78592,44032,34560,8/28/2024
UK,Mouse,44,4312,3740,572,2/4/2024
Australia,Mobile,137,118642,18358,100284,12/10/2024
Japan,Mobile,25,2200,2000,200,10/18/2024
Canada,Mouse,59,48852,21712,27140,11/17/2024
Canada,Laptop,105,105210,99540,5670,6/2/2023
Bangladesh,Laptop,53,35563,3657,31906,3/26/2024
UK,Mobile,129,86172,71982,14190,7/17/2024
India,Monitor,148,198024,90132,107892,10/19/2023
Germany,Headphones,45,76005,31050,44955,2/1/2024
Australia,Tablet,128,149248,32512,116736,3/31/2023
Japan,Laptop,22,13530,7370,6160,2/21/2024
India,Keyboard,11,7040,3256,3784,4/5/2023
Bangladesh,Mobile,25,33825,32675,1150,6/28/2023
Canada,Mobile,143,75647,13728,61919,10/18/2023
Bangladesh,Smartwatch,72,91440,50112,41328,9/29/2024
India,Mouse,99,169587,154737,14850,10/7/2023
France,Keyboard,115,133860,64630,69230,9/11/2023
Australia,Monitor,89,10057,5251,4806,4/23/2023
India,Tablet,75,144825,59625,85200,6/30/2023
USA,Headphones,76,68476,15200,53276,3/19/2024
USA,Headphones,18,35694,3672,32022,11/6/2023
Germany,Monitor,56,88704,53256,35448,9/14/2024
Bangladesh,Monitor,59,97645,45725,51920,3/1/2023
Germany,Mobile,25,37500,24700,12800,6/9/2023
Canada,Mouse,113,94129,21131,72998,1/2/2023
France,Tablet,25,4100,2075,2025,11/8/2023
Australia,Tablet,150,123150,29550,93600,3/13/2023
Australia,Headphones,54,99090,79056,20034,11/2/2024
Japan,Mouse,81,97767,90315,7452,9/12/2023
UK,Smartwatch,144,41328,32976,8352,10/22/2024
France,Keyboard,91,45773,5005,40768,6/19/2024
Germany,Smartwatch,95,114760,90535,24225,11/7/2024
USA,Mouse,103,64684,41097,23587,6/3/2023
Australia,Laptop,111,34410,33744,666,7/22/2024
Bangladesh,Laptop,84,6972,5544,1428,3/26/2024
Bangladesh,Mouse,45,45585,31995,13590,11/23/2024
Japan,Headphones,144,60192,55440,4752,7/27/2023
Australia,Mouse,19,20159,17803,2356,2/8/2024
Japan,Laptop,84,125244,19068,106176,2/20/2024
Australia,Tablet,150,200550,163050,37500,6/28/2024
France,Tablet,107,101436,39162,62274,11/5/2024
France,Laptop,26,23738,5902,17836,5/16/2024
India,Mouse,62,14508,2914,11594,3/5/2024
Australia,Monitor,124,60636,17980,42656,7/27/2024
Japan,Smartwatch,112,44576,9296,35280,6/16/2023
Australia,Headphones,7,7084,6734,350,9/7/2023
UK,Mobile,9,12672,9783,2889,9/21/2024
UK,Tablet,81,85860,39447,46413,10/29/2023
Germany,Keyboard,107,83353,67731,15622,8/24/2023
Germany,Tablet,36,47232,30348,16884,11/24/2023
India,Smartwatch,57,74157,29298,44859,4/19/2024
USA,Mouse,69,7866,6072,1794,6/12/2024
France,Headphones,69,49956,20976,28980,11/24/2024
France,Keyboard,134,107736,54136,53600,5/14/2023
France,Keyboard,7,11851,2870,8981,7/11/2024
Bangladesh,Monitor,44,13156,3608,9548,7/18/2024
India,Smartwatch,33,38412,7194,31218,11/15/2023
Canada,Mobile,45,4230,3150,1080,5/25/2024
Bangladesh,Headphones,98,180614,38514,142100,11/18/2024
France,Keyboard,150,280200,260100,20100,2/11/2024
Bangladesh,Smartwatch,119,223720,61166,162554,5/30/2024
Bangladesh,Tablet,53,4929,2332,2597,12/24/2024
USA,Monitor,10,18030,7080,10950,5/21/2024
Japan,Headphones,112,142800,89936,52864,9/9/2024
UK,Mobile,34,52462,46478,5984,6/30/2023
Australia,Monitor,87,132240,99354,32886,11/23/2023
France,Mouse,34,13328,10200,3128,6/8/2024
USA,Monitor,9,16479,9396,7083,1/24/2024
UK,Keyboard,68,66368,23392,42976,8/22/2023
Canada,Keyboard,106,58512,40916,17596,8/6/2023
India,Headphones,2,3754,1044,2710,8/12/2024
India,Tablet,69,84249,39675,44574,9/26/2023
Germany,Laptop,103,59225,41715,17510,10/28/2024
UK,Tablet,135,144990,98280,46710,3/18/2023
UK,Smartwatch,47,4277,2256,2021,9/5/2024
Japan,Keyboard,52,70928,30836,40092,8/29/2024
Australia,Mouse,96,70176,12000,58176,1/26/2024
Bangladesh,Mouse,89,77430,67373,10057,2/10/2024
UK,Mobile,43,54911,27434,27477,10/10/2023
Bangladesh,Keyboard,39,9633,2145,7488,5/25/2023
France,Headphones,133,87647,13034,74613,3/15/2023
Canada,Mobile,97,92538,63535,29003,10/15/2024
Japan,Tablet,125,129625,82875,46750,7/21/2023
Japan,Mobile,77,10549,10087,462,10/19/2024
UK,Laptop,106,119674,6996,112678,11/9/2023
Bangladesh,Headphones,23,26128,5336,20792,4/13/2024
USA,Mobile,11,9691,4950,4741,4/2/2023
UK,Monitor,133,147231,22477,124754,9/3/2023
UK,Monitor,131,122747,73098,49649,11/5/2024
Japan,Laptop,100,197000,43300,153700,4/22/2023
France,Laptop,123,141819,103320,38499,7/22/2024
Germany,Monitor,115,10810,10005,805,6/26/2023
India,Tablet,144,169200,28656,140544,12/23/2024
USA,Headphones,141,186684,16920,169764,4/4/2023
India,Keyboard,15,23355,5445,17910,9/8/2024
Bangladesh,Headphones,5,5415,4435,980,7/19/2023
Australia,Mouse,102,14484,6834,7650,5/21/2023
Japan,Mouse,48,77088,52656,24432,4/9/2023
USA,Headphones,147,130389,108633,21756,8/30/2023
UK,Keyboard,119,30940,14280,16660,7/17/2023
USA,Tablet,9,17514,7029,10485,7/24/2024
UK,Keyboard,2,3718,928,2790,8/1/2023
UK,Smartwatch,39,51324,25272,26052,11/22/2023
USA,Smartwatch,27,45954,36936,9018,11/2/2023
Japan,Mouse,104,86424,14976,71448,11/26/2024
Bangladesh,Laptop,102,164016,125970,38046,5/6/2023
Japan,Keyboard,73,52925,30295,22630,6/5/2024
Germany,Keyboard,62,70928,23684,47244,3/21/2023
India,Headphones,73,105850,80519,25331,1/28/2023
Japan,Tablet,141,169341,10857,158484,3/31/2024
France,Keyboard,104,22360,16224,6136,5/20/2023
India,Mouse,89,108046,16109,91937,5/2/2024
France,Headphones,27,34155,3753,30402,1/23/2023
USA,Mouse,100,169600,154600,15000,1/13/2024
Canada,Laptop,24,32544,19224,13320,11/29/2024
Canada,Headphones,69,84111,75348,8763,1/11/2024
Australia,Smartwatch,16,4736,2336,2400,11/19/2024
Bangladesh,Tablet,46,78384,52210,26174,6/3/2023
UK,Mouse,58,20126,7076,13050,5/16/2024
Japan,Tablet,108,25380,11016,14364,1/15/2023
France,Mouse,150,166200,143550,22650,10/27/2023
Australia,Monitor,27,3618,1593,2025,3/7/2024
Australia,Mouse,71,141006,63048,77958,2/22/2023
Australia,Mobile,49,21119,20090,1029,5/7/2023
Germany,Tablet,136,10880,5848,5032,7/31/2023
Bangladesh,Monitor,134,194568,40200,154368,7/30/2024
Germany,Laptop,83,76194,41417,34777,10/20/2023
Japan,Tablet,73,59787,39347,20440,5/18/2023
Japan,Monitor,107,169916,104539,65377,6/3/2024
Australia,Monitor,148,51208,20128,31080,2/17/2024
Germany,Tablet,100,134900,123200,11700,2/21/2023
Canada,Monitor,20,26880,25220,1660,6/15/2023
Japan,Keyboard,62,85250,48174,37076,11/20/2023
Canada,Monitor,108,113076,48492,64584,1/15/2023
France,Laptop,97,54514,24638,29876,7/31/2024
Japan,Mouse,47,54943,48645,6298,2/13/2024
Australia,Laptop,145,239395,60320,179075,3/23/2023
Japan,Mouse,127,91948,73660,18288,2/25/2023
UK,Mouse,128,256000,244224,11776,3/17/2023
Bangladesh,Smartwatch,138,157182,85422,71760,12/1/2024
Bangladesh,Keyboard,101,91405,31411,59994,9/17/2023
USA,Headphones,103,19158,12257,6901,5/10/2023
France,Monitor,94,7614,5546,2068,4/2/2023
Canada,Laptop,125,146875,23250,123625,12/18/2024
Australia,Mouse,51,76704,13311,63393,12/3/2023
France,Keyboard,88,14696,7040,7656,7/30/2023
France,Keyboard,97,98843,11058,87785,7/19/2024
Canada,Keyboard,109,87636,32591,55045,5/18/2023
Bangladesh,Headphones,3,5649,2355,3294,4/26/2023
Australia,Mouse,71,92158,6887,85271,6/15/2023
Canada,Monitor,148,251156,149480,101676,6/6/2024
Bangladesh,Mobile,25,25075,24800,275,9/26/2023
Canada,Smartwatch,95,24035,15675,8360,9/9/2023
India,Keyboard,10,16970,16010,960,1/5/2023
USA,Headphones,54,48546,11124,37422,7/9/2024
Bangladesh,Mouse,117,99216,97695,1521,5/11/2024
Canada,Monitor,27,8748,1350,7398,7/10/2023
Germany,Mouse,141,170892,43851,127041,4/18/2023
USA,Tablet,8,10632,8728,1904,1/22/2024
Germany,Headphones,74,64750,25160,39590,7/22/2023
Japan,Keyboard,58,104922,71688,33234,6/18/2023
Canada,Monitor,108,70956,39204,31752,5/17/2023
Canada,Keyboard,47,3384,2209,1175,12/9/2023
Bangladesh,Smartwatch,114,14250,4788,9462,12/8/2023
Germany,Headphones,132,147708,19008,128700,9/23/2024
Germany,Mouse,71,72420,5396,67024,2/16/2024
France,Keyboard,2,1732,1160,572,11/4/2023
Germany,Smartwatch,5,8845,5955,2890,5/9/2024
Canada,Tablet,145,219095,49735,169360,12/8/2023
France,Headphones,23,7084,4255,2829,7/7/2024
Japan,Laptop,43,21715,17114,4601,1/30/2023
UK,Headphones,105,188055,187110,945,11/27/2023
UK,Mouse,20,15840,4680,11160,7/10/2023
USA,Mouse,131,157200,31440,125760,6/1/2023
USA,Headphones,75,107325,38775,68550,9/27/2024
USA,Laptop,5,6445,2015,4430,7/21/2023
USA,Mobile,87,80736,79692,1044,7/14/2023
UK,Monitor,42,11676,7938,3738,1/27/2024
Australia,Mobile,140,53760,40040,13720,9/9/2024
USA,Monitor,112,107072,79072,28000,5/13/2023
Canada,Tablet,84,12600,6216,6384,2/18/2023
India,Laptop,92,28612,4876,23736,12/11/2023
Japan,Mouse,64,3904,2560,1344,6/15/2024
Canada,Smartwatch,130,237380,216840,20540,4/14/2023
Canada,Tablet,55,17930,12210,5720,3/31/2024
France,Headphones,96,24192,11712,12480,12/28/2024
Japan,Tablet,129,58824,16383,42441,8/26/2023
Bangladesh,Tablet,119,225148,215152,9996,4/2/2023
India,Tablet,32,59008,52160,6848,12/4/2023
Canada,Tablet,119,50099,16779,33320,8/6/2023
India,Smartwatch,20,22780,1660,21120,6/13/2024
Canada,Smartwatch,52,17368,7852,9516,5/15/2023
Bangladesh,Mobile,105,199500,22260,177240,5/23/2024
Bangladesh,Smartwatch,133,99484,52801,46683,3/16/2023
Japan,Tablet,131,63666,54103,9563,9/6/2023
Canada,Mouse,84,66276,11928,54348,4/9/2024
UK,Monitor,121,105270,10527,94743,6/18/2024
USA,Monitor,120,71760,42240,29520,2/27/2023
Germany,Keyboard,146,276086,174178,101908,4/3/2024
Germany,Keyboard,40,13920,3520,10400,7/10/2023
Canada,Smartwatch,30,14970,13020,1950,7/3/2024
India,Keyboard,71,93010,17395,75615,6/10/2023
Bangladesh,Tablet,93,105927,34596,71331,11/13/2024
UK,Monitor,132,141372,60456,80916,4/13/2024
Germany,Smartwatch,50,92250,42300,49950,4/24/2023
Japan,Monitor,120,76200,49920,26280,4/16/2024
USA,Mouse,64,90752,53568,37184,8/17/2023
France,Mouse,115,67735,12305,55430,8/29/2024
Canada,Headphones,113,202722,58082,144640,5/22/2023
Japan,Mouse,125,247125,127500,119625,7/6/2024
Canada,Mobile,52,24388,2392,21996,6/22/2023
Bangladesh,Mobile,58,9860,5220,4640,4/28/2023
USA,Laptop,128,43392,36224,7168,9/21/2023
India,Tablet,126,117054,98658,18396,12/19/2024
Canada,Laptop,141,64719,14805,49914,7/6/2024
UK,Mouse,149,188336,82844,105492,10/6/2024
Canada,Headphones,92,25852,11040,14812,6/25/2024
India,Tablet,140,118860,95760,23100,8/14/2024
India,Mouse,109,40112,22781,17331,1/1/2024
Bangladesh,Smartwatch,131,175016,109123,65893,11/23/2023
UK,Tablet,141,90381,58656,31725,7/22/2023
France,Mouse,74,73778,26714,47064,9/30/2023
UK,Mouse,52,34060,20644,13416,12/8/2023
USA,Laptop,67,128037,83549,44488,2/20/2023
USA,Mobile,124,186124,95976,90148,4/23/2024
USA,Mobile,38,67678,64752,2926,8/15/2024
Germany,Headphones,120,163560,53400,110160,6/4/2023
India,Headphones,129,241746,144222,97524,11/22/2023
Japan,Keyboard,83,39923,24319,15604,2/9/2024
Australia,Monitor,52,103896,64324,39572,2/26/2023
UK,Smartwatch,27,9369,9099,270,3/9/2023
UK,Mouse,80,74640,64160,10480,2/27/2024
UK,Keyboard,32,40768,25024,15744,12/18/2024
Canada,Smartwatch,106,138754,116706,22048,4/11/2023
Japan,Tablet,18,27684,14940,12744,9/9/2023
Germany,Mouse,25,19800,3025,16775,5/11/2023
Australia,Mouse,110,64900,55660,9240,11/12/2023
Bangladesh,Tablet,1,579,214,365,11/5/2024
Germany,Monitor,43,51084,17888,33196,12/25/2023
Germany,Smartwatch,130,105040,10660,94380,3/20/2024
France,Laptop,14,17402,6272,11130,9/29/2023
France,Keyboard,60,48000,46500,1500,11/23/2023
Japan,Tablet,116,45124,42920,2204,8/14/2023
USA,Monitor,24,37488,25032,12456,8/2/2023
Germany,Monitor,46,73784,19366,54418,12/12/2024
USA,Monitor,31,6479,5766,713,4/28/2023
France,Mobile,134,130248,81472,48776,12/21/2023
Canada,Tablet,90,175230,173970,1260,3/22/2024
Canada,Laptop,19,13205,6232,6973,8/29/2024
France,Mouse,1,735,203,532,4/9/2024
France,Mobile,31,23994,4185,19809,5/12/2023
USA,Laptop,29,10817,9164,1653,12/3/2024
India,Mouse,142,205616,195676,9940,1/17/2023
Germany,Monitor,96,165888,52608,113280,10/11/2024
India,Monitor,150,66000,30600,35400,2/26/2024
USA,Laptop,106,206064,185076,20988,10/8/2024
Bangladesh,Keyboard,22,2882,1650,1232,5/26/2024
UK,Headphones,29,30363,26303,4060,12/2/2023
India,Laptop,113,102152,52432,49720,6/6/2023
France,Smartwatch,12,5316,1200,4116,1/20/2024
France,Mobile,83,138029,85241,52788,12/13/2024
Canada,Mobile,20,22780,15780,7000,1/22/2024
UK,Smartwatch,5,8605,6785,1820,11/4/2024
Bangladesh,Keyboard,95,171570,3895,167675,5/24/2024
Canada,Monitor,49,15337,13622,1715,6/8/2024
UK,Keyboard,51,37587,29376,8211,9/19/2023
France,Keyboard,145,123685,114695,8990,4/16/2024
Japan,Mouse,71,70574,46505,24069,8/12/2024
India,Tablet,84,12432,6216,6216,2/28/2023
Canada,Tablet,139,175835,130521,45314,8/18/2023
USA,Mouse,101,184527,63933,120594,11/22/2024
Japan,Keyboard,3,2544,357,2187,4/20/2024
Canada,Mouse,114,23370,15504,7866,4/18/2024
Germany,Keyboard,109,155107,153581,1526,1/8/2023
